
@article{auster_2001,
	title = {Fish {Species} and {Community} {Distributions} as {Proxies} for {Seafloor} {Habitat} {Distributions}: {The} {Stellwagen} {Bank} {National} {Marine} {Sanctuary} {Example} ({Northwest} {Atlantic}, {Gulf} {Of} {Maine})},
	volume = {60},
	issn = {0378-1909, 1573-5133},
	shorttitle = {Fish {Species} and {Community} {Distributions} as {Proxies} for {Seafloor} {Habitat} {Distributions}},
	url = {http://link.springer.com/10.1023/A:1011022320818},
	doi = {10.1023/A:1011022320818},
	language = {en},
	number = {4},
	urldate = {2023-04-21},
	journal = {Environmental Biology of Fishes},
	author = {Auster, Peter J. and Joy, Kevin and Valentine, Page C.},
	month = apr,
	year = {2001},
	pages = {331--346},
	file = {Auster et al. - 2001 - Fish Species and Community Distributions as Proxie.pdf:C\:\\Users\\klankowicz\\Zotero\\storage\\W2UQ26HX\\Auster et al. - 2001 - Fish Species and Community Distributions as Proxie.pdf:application/pdf},
}

@article{conroy_2018,
	title = {Distinct responses of sympatric migrant and resident {Atlantic} cod phenotypes to substrate and temperature at a remote {Gulf} of {Maine} seamount},
	volume = {75},
	issn = {1054-3139, 1095-9289},
	url = {https://academic.oup.com/icesjms/article/75/1/122/3866450},
	doi = {10.1093/icesjms/fsx101},
	language = {en},
	number = {1},
	urldate = {2023-04-21},
	journal = {ICES Journal of Marine Science},
	author = {Conroy, Christian W and Calvert, Jay and Sherwood, Graham D and Grabowski, Jonathan H},
	editor = {Durif, Caroline},
	month = jan,
	year = {2018},
	pages = {122--134},
	file = {Conroy et al. - 2018 - Distinct responses of sympatric migrant and reside.pdf:C\:\\Users\\klankowicz\\Zotero\\storage\\DCHZ4SW2\\Conroy et al. - 2018 - Distinct responses of sympatric migrant and reside.pdf:application/pdf},
}

@article{gotceitas_1995,
	title = {Habitat use by juvenile {Atlantic} cod ({Gadus} morhua) in the presence of an actively foraging and non-foraging predator},
	volume = {123},
	issn = {0025-3162, 1432-1793},
	url = {http://link.springer.com/10.1007/BF00349220},
	doi = {10.1007/BF00349220},
	language = {en},
	number = {3},
	urldate = {2023-04-21},
	journal = {Marine Biology},
	author = {Gotceitas, V. and Fraser, S. and Brown, J. A.},
	month = sep,
	year = {1995},
	pages = {421--430},
	file = {Gotceitas et al. - 1995 - Habitat use by juvenile Atlantic cod (Gadus morhua.pdf:C\:\\Users\\klankowicz\\Zotero\\storage\\VDWNCPX6\\Gotceitas et al. - 1995 - Habitat use by juvenile Atlantic cod (Gadus morhua.pdf:application/pdf},
}

@article{dean_2019,
	title = {The relative importance of sub-populations to the {Gulf} of {Maine} stock of {Atlantic} cod},
	volume = {76},
	issn = {1054-3139, 1095-9289},
	url = {https://academic.oup.com/icesjms/article/76/6/1626/5490626},
	doi = {10.1093/icesjms/fsz083},
	language = {en},
	number = {6},
	urldate = {2023-04-21},
	journal = {ICES Journal of Marine Science},
	author = {Dean, Micah J and Elzey, Scott P and Hoffman, William S and Buchan, Nicholas C and Grabowski, Jonathan H},
	editor = {Kuparinen, Anna},
	month = dec,
	year = {2019},
	pages = {1626--1640},
	file = {Dean et al. - 2019 - The relative importance of sub-populations to the .pdf:C\:\\Users\\klankowicz\\Zotero\\storage\\EKNW2PDP\\Dean et al. - 2019 - The relative importance of sub-populations to the .pdf:application/pdf},
}

@article{dean_2021,
	title = {The influence of trawl efficiency assumptions on survey-based population metrics},
	volume = {78},
	issn = {1054-3139, 1095-9289},
	url = {https://academic.oup.com/icesjms/article/78/8/2858/6363577},
	doi = {10.1093/icesjms/fsab164},
	language = {en},
	number = {8},
	urldate = {2023-04-21},
	journal = {ICES Journal of Marine Science},
	author = {Dean, Micah J and Hoffman, William S and Buchan, Nicholas C and Cadrin, Steven X and Grabowski, Jonathan H},
	editor = {O'Neill, Finbarr},
	month = oct,
	year = {2021},
	pages = {2858--2874},
	file = {Dean et al. - 2021 - The influence of trawl efficiency assumptions on s.pdf:C\:\\Users\\klankowicz\\Zotero\\storage\\RJ7YS2QE\\Dean et al. - 2021 - The influence of trawl efficiency assumptions on s.pdf:application/pdf},
}

@article{gotceitas_1993,
	title = {Substrate selection by juvenile {Atlantic} cod ({Gadus} morhua): effects of predation risk},
	volume = {93},
	issn = {0029-8549, 1432-1939},
	shorttitle = {Substrate selection by juvenile {Atlantic} cod ({Gadus} morhua)},
	url = {http://link.springer.com/10.1007/BF00321187},
	doi = {10.1007/BF00321187},
	language = {en},
	number = {1},
	urldate = {2023-04-21},
	journal = {Oecologia},
	author = {Gotceitas, Vytenis and Brown, Joseph A.},
	month = feb,
	year = {1993},
	pages = {31--37},
	file = {Gotceitas and Brown - 1993 - Substrate selection by juvenile Atlantic cod (Gadu.pdf:C\:\\Users\\klankowicz\\Zotero\\storage\\KZ8HB5XM\\Gotceitas and Brown - 1993 - Substrate selection by juvenile Atlantic cod (Gadu.pdf:application/pdf},
}

@article{guan_evaluating_2017,
	title = {Evaluating spatio-temporal variability in the habitat quality of {Atlantic} cod ( \textit{{Gadus} morhua} ) in the {Gulf} of {Maine}},
	volume = {26},
	issn = {10546006},
	url = {https://onlinelibrary.wiley.com/doi/10.1111/fog.12188},
	doi = {10.1111/fog.12188},
	language = {en},
	number = {1},
	urldate = {2023-04-21},
	journal = {Fisheries Oceanography},
	author = {Guan, Lisha and Chen, Yong and Wilson, James A.},
	month = jan,
	year = {2017},
	pages = {83--96},
	file = {Guan et al. - 2017 - Evaluating spatio-temporal variability in the habi.pdf:C\:\\Users\\klankowicz\\Zotero\\storage\\V7C298ZH\\Guan et al. - 2017 - Evaluating spatio-temporal variability in the habi.pdf:application/pdf},
}

@article{guan_influence_2017,
	title = {The influence of complex structure on the spatial dynamics of {Atlantic} cod ({Gadus} morhua) in the {Gulf} of {Maine}},
	volume = {74},
	issn = {1054-3139, 1095-9289},
	url = {https://academic.oup.com/icesjms/article/74/9/2379/3769381},
	doi = {10.1093/icesjms/fsx064},
	language = {en},
	number = {9},
	urldate = {2023-04-21},
	journal = {ICES Journal of Marine Science},
	author = {Guan, Lisha and Chen, Yong and Staples, Kevin W and Cao, Jie and Li, Bai},
	editor = {Hidalgo, Manuel},
	month = dec,
	year = {2017},
	pages = {2379--2388},
	file = {Guan et al. - 2017 - The influence of complex structure on the spatial .pdf:C\:\\Users\\klankowicz\\Zotero\\storage\\2KYLUWHY\\Guan et al. - 2017 - The influence of complex structure on the spatial .pdf:application/pdf},
}

@article{li_2018,
	title = {Density-independent and density-dependent factors affecting spatio-temporal dynamics of {Atlantic} cod ({Gadus} morhua) distribution in the {Gulf} of {Maine}},
	volume = {75},
	issn = {1054-3139, 1095-9289},
	url = {https://academic.oup.com/icesjms/article/75/4/1329/4803072},
	doi = {10.1093/icesjms/fsx246},
	language = {en},
	number = {4},
	urldate = {2023-04-21},
	journal = {ICES Journal of Marine Science},
	author = {Li, Zengguang and Ye, Zhenjiang and Wan, Rong and Tanaka, Kisei R and Boenish, Robert and Chen, Yong},
	editor = {Anderson, Emory},
	month = jul,
	year = {2018},
	pages = {1329--1340},
	file = {Li et al. - 2018 - Density-independent and density-dependent factors .pdf:C\:\\Users\\klankowicz\\Zotero\\storage\\9DBU6RPV\\Li et al. - 2018 - Density-independent and density-dependent factors .pdf:application/pdf},
}

@article{lindholm_2007,
	title = {Gadus morhua at deep boulder reefs in the},
	language = {en},
	journal = {Mar Ecol Prog Ser},
	author = {Lindholm, James and Auster, Peter J and Knight, Ashley},
	year = {2007},
	file = {Lindholm et al. - 2007 - Gadus morhua at deep boulder reefs in the.pdf:C\:\\Users\\klankowicz\\Zotero\\storage\\Z7US54WE\\Lindholm et al. - 2007 - Gadus morhua at deep boulder reefs in the.pdf:application/pdf},
}

@article{linner_2022,
	title = {Implications of stock structure in understanding juvenile {Atlantic} cod ({Gadus} morhua) habitat suitability in the {Gulf} of {Maine}},
	volume = {54},
	issn = {23524855},
	url = {https://linkinghub.elsevier.com/retrieve/pii/S2352485522001591},
	doi = {10.1016/j.rsma.2022.102473},
	language = {en},
	urldate = {2023-04-21},
	journal = {Regional Studies in Marine Science},
	author = {Linner, Robyn M. and Chen, Yong},
	month = jul,
	year = {2022},
	pages = {102473},
	file = {Linner and Chen - 2022 - Implications of stock structure in understanding j.pdf:C\:\\Users\\klankowicz\\Zotero\\storage\\GUSYJPB2\\Linner and Chen - 2022 - Implications of stock structure in understanding j.pdf:application/pdf},
}

@article{mcelroy_2021,
	title = {Comparison of a bottom longline survey and a bottom trawl survey for 2 groundfish species in the {Gulf} of {Maine} to evaluate habitat-related availability of large fish},
	volume = {119},
	issn = {00900656},
	url = {https://spo.nmfs.noaa.gov/content/fishery-bulletin/comparison-bottom-longline-survey-and-bottom-trawl-survey-2-groundfish},
	doi = {10.7755/FB.119.4.3},
	language = {en},
	number = {4},
	urldate = {2023-04-21},
	journal = {Fishery Bulletin},
	author = {McElroy, W. David and Blaylock, Jessica and Shepherd, Gary R. and Legault, Christopher M. and Nitschke, Paul C. and Sosebee, Katherine A.},
	month = nov,
	year = {2021},
	pages = {231--242},
	file = {McElroy et al. - 2021 - Comparison of a bottom longline survey and a botto.pdf:C\:\\Users\\klankowicz\\Zotero\\storage\\5M67875X\\McElroy et al. - 2021 - Comparison of a bottom longline survey and a botto.pdf:application/pdf},
}

@article{methratta_associations_2006,
	title = {Associations between {Surficial} {Sediments} and {Groundfish} {Distributions} in the {Gulf} of {Maine}â€“{Georges} {Bank} {Region}},
	volume = {26},
	issn = {0275-5947, 1548-8675},
	url = {http://doi.wiley.com/10.1577/M05-041.1},
	doi = {10.1577/M05-041.1},
	language = {en},
	number = {2},
	urldate = {2023-04-21},
	journal = {North American Journal of Fisheries Management},
	author = {Methratta, Elizabeth T. and Link, Jason S.},
	month = may,
	year = {2006},
	pages = {473--489},
	file = {Methratta and Link - 2006 - Associations between Surficial Sediments and Groun.pdf:C\:\\Users\\klankowicz\\Zotero\\storage\\76MYYHLW\\Methratta and Link - 2006 - Associations between Surficial Sediments and Groun.pdf:application/pdf},
}

@article{methratta_seasonal_2006,
	title = {Seasonal variation in groundfish habitat associations in the {Gulf} of {MaineGeorges} {Bank} region},
	volume = {326},
	issn = {0171-8630, 1616-1599},
	url = {http://www.int-res.com/abstracts/meps/v326/p245-256/},
	doi = {10.3354/meps326245},
	language = {en},
	urldate = {2023-04-21},
	journal = {Marine Ecology Progress Series},
	author = {Methratta, Et and Link, Js},
	month = nov,
	year = {2006},
	pages = {245--256},
	file = {Methratta and Link - 2006 - Seasonal variation in groundfish habitat associati.pdf:C\:\\Users\\klankowicz\\Zotero\\storage\\YHDYDXPM\\Methratta and Link - 2006 - Seasonal variation in groundfish habitat associati.pdf:application/pdf},
}

@article{sherwood_2021,
	title = {{DEFINING} {HABITAT} {CHARACTERISTICS} {AND} {SPATIAL} {FOOTPRINTS} {OF} {KEY} {STOCKS} {USING} {ALTERNATIVE} {APPROACHES}},
	language = {en},
	author = {Sherwood, Graham and Kerr, Lisa and Grabowski, Jonathan},
	year = {2021},
	file = {Sherwood et al. - DEFINING HABITAT CHARACTERISTICS AND SPATIAL FOOTP.pdf:C\:\\Users\\klankowicz\\Zotero\\storage\\K4SA768V\\Sherwood et al. - DEFINING HABITAT CHARACTERISTICS AND SPATIAL FOOTP.pdf:application/pdf},
}

@article{richardson_2014,
	title = {The influence of forage fish abundance on the aggregation of {Gulf} of {Maine} {Atlantic} cod ( \textit{{Gadus} morhua} ) and their catchability in the fishery},
	volume = {71},
	issn = {0706-652X, 1205-7533},
	url = {http://www.nrcresearchpress.com/doi/10.1139/cjfas-2013-0489},
	doi = {10.1139/cjfas-2013-0489},
	language = {en},
	number = {9},
	urldate = {2023-04-21},
	journal = {Canadian Journal of Fisheries and Aquatic Sciences},
	author = {Richardson, David E. and Palmer, Michael C. and Smith, Brian E.},
	editor = {Cooper, Andrew},
	month = sep,
	year = {2014},
	pages = {1349--1362},
	file = {Richardson et al. - 2014 - The influence of forage fish abundance on the aggr.pdf:C\:\\Users\\klankowicz\\Zotero\\storage\\ZT6FXCCN\\Richardson et al. - 2014 - The influence of forage fish abundance on the aggr.pdf:application/pdf},
}

@article{runge_2010,
	title = {Understanding climate impacts on recruitment and spatial dynamics of {Atlantic} cod in the {Gulf} of {Maine}: {Integration} of observations and modeling},
	volume = {87},
	issn = {00796611},
	shorttitle = {Understanding climate impacts on recruitment and spatial dynamics of {Atlantic} cod in the {Gulf} of {Maine}},
	url = {https://linkinghub.elsevier.com/retrieve/pii/S007966111000128X},
	doi = {10.1016/j.pocean.2010.09.016},
	language = {en},
	number = {1-4},
	urldate = {2023-04-21},
	journal = {Progress in Oceanography},
	author = {Runge, Jeffrey A. and Kovach, Adrienne I. and Churchill, James H. and Kerr, Lisa A. and Morrison, John R. and Beardsley, Robert C. and Berlinsky, David L. and Chen, Changsheng and Cadrin, Steven X. and Davis, Cabell S. and Ford, Kathryn H. and Grabowski, Jonathan H. and Howell, W. Huntting and Ji, Rubao and Jones, Rebecca J. and Pershing, Andrew J. and Record, Nicholas R. and Thomas, Andrew C. and Sherwood, Graham D. and Tallack, Shelly M.L. and Townsend, David W.},
	month = oct,
	year = {2010},
	pages = {251--263},
	file = {Runge et al. - 2010 - Understanding climate impacts on recruitment and s.pdf:C\:\\Users\\klankowicz\\Zotero\\storage\\WANQKY2B\\Runge et al. - 2010 - Understanding climate impacts on recruitment and s.pdf:application/pdf},
}

@article{zemeckis_2017,
	title = {Seasonal movements and connectivity of an {Atlantic} cod ({Gadus} morhua) spawning component in the western {Gulf} of {Maine}},
	volume = {74},
	issn = {1054-3139, 1095-9289},
	url = {https://academic.oup.com/icesjms/article/74/6/1780/2907792},
	doi = {10.1093/icesjms/fsw190},
	language = {en},
	number = {6},
	urldate = {2023-04-21},
	journal = {ICES Journal of Marine Science},
	author = {Zemeckis, Douglas R. and Liu, Chang and Cowles, Geoffrey W. and Dean, Micah J. and Hoffman, William S. and Martins, David and Cadrin, Steven X.},
	editor = {Watson, James},
	month = jul,
	year = {2017},
	pages = {1780--1796},
	file = {Zemeckis et al. - 2017 - Seasonal movements and connectivity of an Atlantic.pdf:C\:\\Users\\klankowicz\\Zotero\\storage\\U2KH2RWE\\Zemeckis et al. - 2017 - Seasonal movements and connectivity of an Atlantic.pdf:application/pdf},
}

@article{quinn_2011,
	title = {{OMNIBUS} {ESSENTIAL} {FISH} {HABITAT} ({EFH}) {AMENDMENT} 2 {FINAL} {ENVIRONMENTAL} {IMPACT} {STATEMENT}},
	language = {en},
	author = {Quinn, John F},
	year = {2011},
	file = {Quinn - 2011 - OMNIBUS ESSENTIAL FISH HABITAT (EFH) AMENDMENT 2 F.pdf:C\:\\Users\\klankowicz\\Zotero\\storage\\H3I3D8MD\\Quinn - 2011 - OMNIBUS ESSENTIAL FISH HABITAT (EFH) AMENDMENT 2 F.pdf:application/pdf},
}

@techreport{mcelroy_2019,
	type = {{NOAA} {Technical} {Memo}},
	title = {Design, {Implementation}, and {Results} of a {Cooperative} {Research} {Gulf} of {Maine} {Longline} {Survey}, 2014-2017},
	language = {en},
	number = {NMFS-NE-249},
	author = {McElroy, W. David and O'Brien, Loretta and Blaylock, Jessica and Martin, Michael H. and Rago, Paul J. and Hoey, John J. and Sheremet, Vitalii A.},
	year = {2019},
	file = {McElroy - Design, Implementation, and Results of a Cooperati.pdf:C\:\\Users\\klankowicz\\Zotero\\storage\\S9GC4YPL\\McElroy - Design, Implementation, and Results of a Cooperati.pdf:application/pdf},
}

@article{scott_1982,
	title = {Selection of {Bottom} {Type} by {Groundfishes} of the {Scotian} {Shelf}},
	volume = {39},
	issn = {0706-652X, 1205-7533},
	url = {http://www.nrcresearchpress.com/doi/10.1139/f82-128},
	doi = {10.1139/f82-128},
	language = {en},
	number = {7},
	urldate = {2023-04-21},
	journal = {Canadian Journal of Fisheries and Aquatic Sciences},
	author = {Scott, J. S.},
	month = jul,
	year = {1982},
	pages = {943--947},
	file = {Scott - 1982 - Selection of Bottom Type by Groundfishes of the Sc.pdf:C\:\\Users\\klankowicz\\Zotero\\storage\\CFF7M7MB\\Scott - 1982 - Selection of Bottom Type by Groundfishes of the Sc.pdf:application/pdf},
}

@techreport{fahay_1999,
	type = {{NOAA} {Technical} {Memo}},
	title = {Essential fish habitat souce document: {Atlantic} cod, {Gadus} morhua, life history and habitat characteristics},
	url = {https://repository.library.noaa.gov/view/noaa/3099},
	number = {NMFS-NE-124},
	author = {Fahay, M.P. and Berrien, P.L. and Johnson, D.L. and Morse, W.W.},
	year = {1999},
	pages = {41},
	file = {Fahay et al. - Essential fish habitat souce document Atlantic co.pdf:C\:\\Users\\klankowicz\\Zotero\\storage\\CPY6NNGU\\Fahay et al. - Essential fish habitat souce document Atlantic co.pdf:application/pdf},
}

@article{stokesbury_2002,
	title = {Estimation of {Sea} {Scallop} {Abundance} in {Closed} {Areas} of {Georges} {Bank}, {USA}},
	volume = {131},
	issn = {0002-8487, 1548-8659},
	url = {http://doi.wiley.com/10.1577/1548-8659(2002)131<1081:EOSSAI>2.0.CO;2},
	doi = {10.1577/1548-8659(2002)131<1081:EOSSAI>2.0.CO;2},
	language = {en},
	number = {6},
	urldate = {2023-04-21},
	journal = {Transactions of the American Fisheries Society},
	author = {Stokesbury, Kevin D. E.},
	month = nov,
	year = {2002},
	pages = {1081--1092},
	file = {Stokesbury - 2002 - Estimation of Sea Scallop Abundance in Closed Area.pdf:C\:\\Users\\klankowicz\\Zotero\\storage\\4NQBLU8G\\Stokesbury - 2002 - Estimation of Sea Scallop Abundance in Closed Area.pdf:application/pdf},
}

@techreport{grabowski_2020,
	title = {Strengths and {Weaknesses} of the {Northeast} {Fisheries} {Science} {Center}'s {Bottom} {Trawl} {Survey}},
	author = {Grabowski, Jonathan H. and Cadrin, Steven X. and Giacalone, Vito and Gouhier, T and Kerr, Lisa A. and Odell, Jackie and Pershing, Andrew J. and Sherwood, Graham D. and Stokesbury, Kevin D. E. and Trussell, G. C.},
	year = {2020},
	file = {Grabowski et al. - 2020 - Strengths and Weaknesses of the Northeast Fisherie.pdf:C\:\\Users\\klankowicz\\Zotero\\storage\\VLJ5PSTD\\Grabowski et al. - 2020 - Strengths and Weaknesses of the Northeast Fisherie.pdf:application/pdf},
}

@article{grabowski_2018,
	title = {Habitat {Associations} of {Juvenile} {Cod} in {Nearshore} {Waters}},
	volume = {26},
	issn = {2330-8249, 2330-8257},
	url = {https://www.tandfonline.com/doi/full/10.1080/23308249.2017.1328660},
	doi = {10.1080/23308249.2017.1328660},
	language = {en},
	number = {1},
	urldate = {2023-04-21},
	journal = {Reviews in Fisheries Science \& Aquaculture},
	author = {Grabowski, Jonathan H. and Conroy, Christian W. and Gittman, Rachel K. and Kelley, Joseph T. and Sherman, Sally and Sherwood, Graham D. and Wippelhauser, Gail},
	month = jan,
	year = {2018},
	pages = {1--14},
	file = {Grabowski et al. - 2018 - Habitat Associations of Juvenile Cod in Nearshore .pdf:C\:\\Users\\klankowicz\\Zotero\\storage\\MW3RFIJ4\\Grabowski et al. - 2018 - Habitat Associations of Juvenile Cod in Nearshore .pdf:application/pdf},
}

@article{henry_2020,
	title = {Developing a longline/jig sentinel survey program for an area with limited monitoring and fishing efforts},
	volume = {5},
	issn = {2468550X},
	url = {https://linkinghub.elsevier.com/retrieve/pii/S2468550X1930214X},
	doi = {10.1016/j.aaf.2019.12.006},
	language = {en},
	number = {3},
	urldate = {2023-04-21},
	journal = {Aquaculture and Fisheries},
	author = {Henry, Anna M. and Carlucci, John and Rodrigue, Mattie and Linner, Robyn and Chen, Yong},
	month = may,
	year = {2020},
	pages = {139--147},
	file = {Henry et al. - 2020 - Developing a longlinejig sentinel survey program .pdf:C\:\\Users\\klankowicz\\Zotero\\storage\\WVSHU93R\\Henry et al. - 2020 - Developing a longlinejig sentinel survey program .pdf:application/pdf},
}

@techreport{bachman_2019,
	title = {Fishing {Effects} {Model} {Northeast} {Region}},
	author = {Bachman, Michelle and Auster, Peter J. and Coakley, Jessica and DePiper, Geret and Ford, Kathryn H. and Livermore, Julia and Packer, Dave and Quartararo, Chris and Stevenson, David and Valentine, Page C. and Verkade, Alison and Restrepo, Felipe and Smeltz, T. Scott},
	year = {2019},
	file = {Bachman et al. - 2019 - Fishing Effects Model Northeast Region.pdf:C\:\\Users\\klankowicz\\Zotero\\storage\\D72JCAHL\\Bachman et al. - 2019 - Fishing Effects Model Northeast Region.pdf:application/pdf},
}

@techreport{bachman_2011,
	title = {Omnibus {Essential} {Fish} {Habitat} ({EFH}) {Amendment} 2 {Final} {Environmental} {Impact} {Statement} {Appendix} {D}: {The} {Swept} {Area} {Seabed} {Impact} ({SASI}) approach},
	author = {Bachman, Michelle and Auster, Peter J. and Demarest, Chad and Eayers, Steve and Ford, Kathryn H. and Grabowski, Jonathan H. and Harris, Brad and Hoff, Tom and Lazzari, Mark and Malkoski, Vincent and Packer, Dave and Stevenson, David and Valentine, Page C.},
	year = {2011},
	file = {Bachman et al. - 2011 - Omnibus Essential Fish Habitat (EFH) Amendment 2 F.pdf:C\:\\Users\\klankowicz\\Zotero\\storage\\IENXUMZP\\Bachman et al. - 2011 - Omnibus Essential Fish Habitat (EFH) Amendment 2 F.pdf:application/pdf},
}

@article{friedland_2021,
	title = {Machine learning highlights the importance of primary and secondary production in determining habitat for marine fish and macroinvertebrates},
	volume = {31},
	issn = {1052-7613, 1099-0755},
	url = {https://onlinelibrary.wiley.com/doi/10.1002/aqc.3527},
	doi = {10.1002/aqc.3527},
	language = {en},
	number = {6},
	urldate = {2023-04-21},
	journal = {Aquatic Conservation: Marine and Freshwater Ecosystems},
	author = {Friedland, Kevin D. and Bachman, Michelle and Davies, Andrew and Frelat, Romain and McManus, M. Conor and Morse, Ryan and Pickens, Bradley A. and SmoliÅ„ski, Szymon and Tanaka, Kisei},
	month = jun,
	year = {2021},
	pages = {1482--1498},
	file = {Friedland et al. - 2021 - Machine learning highlights the importance of prim.pdf:C\:\\Users\\klankowicz\\Zotero\\storage\\DCZ2LAJ9\\Friedland et al. - 2021 - Machine learning highlights the importance of prim.pdf:application/pdf},
}

@article{friedman_2012,
	title = {Multi-{Scale} {Measures} of {Rugosity}, {Slope} and {Aspect} from {Benthic} {Stereo} {Image} {Reconstructions}},
	volume = {7},
	issn = {1932-6203},
	url = {https://dx.plos.org/10.1371/journal.pone.0050440},
	doi = {10.1371/journal.pone.0050440},
	language = {en},
	number = {12},
	urldate = {2023-04-21},
	journal = {PLoS ONE},
	author = {Friedman, Ariell and Pizarro, Oscar and Williams, Stefan B. and Johnson-Roberson, Matthew},
	editor = {Fulton, Christopher},
	month = dec,
	year = {2012},
	pages = {e50440},
	file = {Friedman et al. - 2012 - Multi-Scale Measures of Rugosity, Slope and Aspect.pdf:C\:\\Users\\klankowicz\\Zotero\\storage\\2FWMTIUQ\\Friedman et al. - 2012 - Multi-Scale Measures of Rugosity, Slope and Aspect.pdf:application/pdf},
}

@article{wright_2014,
	title = {Are there useful life history indicators of stock recovery rate in gadoids?},
	volume = {71},
	issn = {1054-3139, 1095-9289},
	url = {https://academic.oup.com/icesjms/article/71/6/1393/2835583},
	doi = {10.1093/icesjms/fsu100},
	language = {en},
	number = {6},
	urldate = {2023-04-21},
	journal = {ICES Journal of Marine Science},
	author = {Wright, Peter J.},
	month = sep,
	year = {2014},
	pages = {1393--1406},
	file = {Wright - 2014 - Are there useful life history indicators of stock .pdf:C\:\\Users\\klankowicz\\Zotero\\storage\\VMG4UJPY\\Wright - 2014 - Are there useful life history indicators of stock .pdf:application/pdf},
}


@article{thorson_2019,
	title = {Guidance for decisions using the {Vector} {Autoregressive} {Spatio}-{Temporal} ({VAST}) package in stock, ecosystem, habitat and climate assessments},
	volume = {210},
	issn = {01657836},
	url = {https://linkinghub.elsevier.com/retrieve/pii/S0165783618302820},
	doi = {10.1016/j.fishres.2018.10.013},
	language = {en},
	urldate = {2023-06-08},
	journal = {Fisheries Research},
	author = {Thorson, James T.},
	month = feb,
	year = {2019},
	pages = {143--161},
	file = {j.fishres.2018.10.013.pdf:C\:\\Users\\klankowicz\\Downloads\\j.fishres.2018.10.013.pdf:application/pdf},
}

@article{thorson_comparing_2017,
	title = {Comparing estimates of abundance trends and distribution shifts using single- and multispecies models of fishes and biogenic habitat},
	volume = {74},
	issn = {1054-3139, 1095-9289},
	url = {https://academic.oup.com/icesjms/article/74/5/1311/2907795},
	doi = {10.1093/icesjms/fsw193},
	language = {en},
	number = {5},
	urldate = {2023-06-08},
	journal = {ICES Journal of Marine Science},
	author = {Thorson, James T. and Barnett, Lewis A. K.},
	month = may,
	year = {2017},
	pages = {1311--1321},
	file = {fsw193.pdf:C\:\\Users\\klankowicz\\Downloads\\fsw193.pdf:application/pdf},
}

@article{thorson_2015,
	title = {The importance of spatial models for estimating the strength of density dependence},
	volume = {96},
	issn = {0012-9658},
	url = {http://doi.wiley.com/10.1890/14-0739.1},
	doi = {10.1890/14-0739.1},
	language = {en},
	number = {5},
	urldate = {2023-06-08},
	journal = {Ecology},
	author = {Thorson, James T. and Skaug, Hans J. and Kristensen, Kasper and Shelton, Andrew O. and Ward, Eric J. and Harms, John H. and Benante, James A.},
	month = may,
	year = {2015},
	pages = {1202--1212},
	file = {Thorson et al (2015) The importance of spatial models for estimating the strength of density dependence.pdf:C\:\\Users\\klankowicz\\Box\\Katie Lankowicz\\Library\\Cod\\Thorson et al (2015) The importance of spatial models for estimating the strength of density dependence.pdf:application/pdf},
}

@article{thorson_accounting_2017,
	title = {Accounting for spatiotemporal variation and fisher targeting when estimating abundance from multispecies fishery data},
	volume = {74},
	issn = {0706-652X, 1205-7533},
	url = {http://www.nrcresearchpress.com/doi/10.1139/cjfas-2015-0598},
	doi = {10.1139/cjfas-2015-0598},
	language = {en},
	number = {11},
	urldate = {2023-06-08},
	journal = {Canadian Journal of Fisheries and Aquatic Sciences},
	author = {Thorson, James T. and Fonner, Robert and Haltuch, Melissa A. and Ono, Kotaro and Winker, Henning},
	month = nov,
	year = {2017},
	pages = {1794--1807},
	file = {Thorson et al 2017 - Accounting for spatiotemporal variation and fisher targeting when estimating abundance from multispecies fishery data.pdf:C\:\\Users\\klankowicz\\Box\\Katie Lankowicz\\Library\\VAST\\Thorson et al 2017 - Accounting for spatiotemporal variation and fisher targeting when estimating abundance from multispecies fishery data.pdf:application/pdf},
}


@article{du_pontavice_2023,
	title = {A high-resolution ocean bottom temperature product for the northeast {U}.{S}. continental shelf marine ecosystem},
	volume = {210},
	issn = {00796611},
	url = {https://linkinghub.elsevier.com/retrieve/pii/S0079661122002075},
	doi = {10.1016/j.pocean.2022.102948},
	language = {en},
	urldate = {2023-06-08},
	journal = {Progress in Oceanography},
	author = {Du Pontavice, Hubert and Chen, Zhuomin and Saba, Vincent S.},
	month = jan,
	year = {2023},
	pages = {102948},
	file = {du Pontavice et al (2023) A high resoution ocean bottom temperature product.pdf:C\:\\Users\\klankowicz\\Box\\Katie Lankowicz\\Library\\Cod\\du Pontavice et al (2023) A high resoution ocean bottom temperature product.pdf:application/pdf},
}


@book{zuur_2009,
	address = {New York},
	title = {Mixed effects models and extensions in ecology with {R}},
	volume = {574},
	publisher = {Springer},
	author = {Zuur, Alain F and Ieno, E. N. and Walker, N. J. and Saveliev, A. A. and Smith, G. M.},
	year = {2009},
}

@article{ng_2021,
	title = {Predator stomach contents can provide accurate indices of prey biomass},
	volume = {78},
	issn = {1054-3139, 1095-9289},
	url = {https://academic.oup.com/icesjms/article/78/3/1146/6145864},
	doi = {10.1093/icesjms/fsab026},
	language = {en},
	number = {3},
	urldate = {2023-06-08},
	journal = {ICES Journal of Marine Science},
	author = {Ng, Elizabeth L and Deroba, Jonathan J and Essington, Timothy E and GrÃ¼ss, Arnaud and Smith, Brian E and Thorson, James T},
	editor = {Juanes, Francis},
	month = jul,
	year = {2021},
	pages = {1146--1159},
	file = {Ng et al (2021) Predator stomach contents can provide accurate indices of prey biomass.pdf:C\:\\Users\\klankowicz\\Box\\Katie Lankowicz\\Library\\Cod\\Ng et al (2021) Predator stomach contents can provide accurate indices of prey biomass.pdf:application/pdf},
}

@article{thorson_2016,
	title = {Implementing a generic method for bias correction in statistical models using random effects, with spatial and population dynamics examples},
	volume = {175},
	journal = {Fisheries Research},
	author = {Thorson, James T and Kristensen, Kasper},
	year = {2016},
	pages = {66 -- 74}
}

@article{fredston_2021,
	title = {Range edges of North American marine species are tracking temperature over decades},
	volume = {27},
	journal = {Global Change Biology},
	author = {Fredston, Alexa and Pinsky, Malin and Selden, Rebecca L and Szuwalski, Cody and Thorson, James T and Gaines, Steven D and Halpern, Benjamin S},
	year = {2021},
	pages = {3145 -- 3156}
}

